@inproceedings{amodei2016deep,
  title={Deep speech 2: End-to-end speech recognition in english and mandarin},
  author={Amodei, Dario and Ananthanarayanan, Sundaram and Anubhai, Rishita and Bai, Jingliang and Battenberg, Eric and Case, Carl and Casper, Jared and Catanzaro, Bryan and Cheng, Qiang and Chen, Guoliang and others},
  booktitle={International conference on machine learning},
  pages={173--182},
  year={2016},
  organization={PMLR}
}

@inproceedings{chen2020simple,
  title={A simple framework for contrastive learning of visual representations},
  author={Chen, Ting and Kornblith, Simon and Norouzi, Mohammad and Hinton, Geoffrey},
  booktitle={International conference on machine learning},
  pages={1597--1607},
  year={2020},
  organization={PMLR}
}

@article{chen2021gigaspeech,
  title={GigaSpeech: An Evolving, Multi-domain ASR Corpus with 10,000 Hours of Transcribed Audio},
  author={Chen, Guoguo and Chai, Shuzhou and Wang, Guanbo and Du, Jiayu and Zhang, Wei-Qiang and Weng, Chao and Su, Dan and Povey, Daniel and Trmal, Jan and Zhang, Junbo and others},
  journal={arXiv preprint arXiv:2106.06909},
  year={2021}
}

@inproceedings{devlin2019bert,
  title={BERT: Pre-training of Deep Bidirectional Transformers for Language Understanding},
  author={Devlin, Jacob and Chang, Ming-Wei and Lee, Kenton and Toutanova, Kristina},
  booktitle={NAACL-HLT (1)},
  year={2019}
}

@article{galvez2021people,
  title={The People’s Speech: A Large-Scale Diverse English Speech Recognition Dataset for Commercial Usage},
  author={Galvez, Daniel and Diamos, Greg and Torres, Juan Manuel Ciro and Achorn, Keith and Gopi, Anjali and Kanter, David and Lam, Max and Mazumder, Mark and Reddi, Vijay Janapa},
  year={2021}
}

@article{grill2020bootstrap,
  title={Bootstrap your own latent: A new approach to self-supervised learning},
  author={Grill, Jean-Bastien and Strub, Florian and Altch{\'e}, Florent and Tallec, Corentin and Richemond, Pierre H and Buchatskaya, Elena and Doersch, Carl and Pires, Bernardo Avila and Guo, Zhaohan Daniel and Azar, Mohammad Gheshlaghi and others},
  journal={arXiv preprint arXiv:2006.07733},
  year={2020}
}

@book{hamming1997art,
  title={Art of doing science and engineering: Learning to learn},
  author={Hamming, Richard R},
  year={1997},
  publisher={CRC Press}
}

@article{hannun2020differentiable,
  title={Differentiable Weighted Finite-State Transducers},
  author={Hannun, Awni and Pratap, Vineel and Kahn, Jacob and Hsu, Wei-Ning},
  journal={arXiv preprint arXiv:2010.01003},
  year={2020}
}

@inproceedings{he2020momentum,
  title={Momentum contrast for unsupervised visual representation learning},
  author={He, Kaiming and Fan, Haoqi and Wu, Yuxin and Xie, Saining and Girshick, Ross},
  booktitle={Proceedings of the IEEE/CVF Conference on Computer Vision and Pattern Recognition},
  pages={9729--9738},
  year={2020}
}

@inproceedings{he2019streaming,
  title={Streaming end-to-end speech recognition for mobile devices},
  author={He, Yanzhang and Sainath, Tara N and Prabhavalkar, Rohit and McGraw, Ian and Alvarez, Raziel and Zhao, Ding and Rybach, David and Kannan, Anjuli and Wu, Yonghui and Pang, Ruoming and others},
  booktitle={ICASSP 2019-2019 IEEE International Conference on Acoustics, Speech and Signal Processing (ICASSP)},
  pages={6381--6385},
  year={2019},
  organization={IEEE}
}

@misc{k2,
  title = {{K2}},
  year = {2020},
  publisher = {GitHub},
  journal = {GitHub repository},
  howpublished = {\url{https://github.com/k2-fsa/k2}}
}

@inproceedings{xu2020iterative,
  title={Iterative Pseudo-Labeling for Speech Recognition},
  author={Xu, Qiantong and Likhomanenko, Tatiana and Kahn, Jacob and Hannun, Awni and Synnaeve, Gabriel and Collobert, Ronan},
  journal={Proc. Interspeech 2020},
  pages={1006--1010},
  year={2020}
}

@inproceedings{kahn2020self,
  title={Self-training for end-to-end speech recognition},
  author={Kahn, Jacob and Lee, Ann and Hannun, Awni},
  booktitle={ICASSP 2020-2020 IEEE International Conference on Acoustics, Speech and Signal Processing (ICASSP)},
  pages={7084--7088},
  year={2020},
  organization={IEEE}
}

@inproceedings{lago2004quest,
  title={The quest for low latency},
  author={Lago, Nelson Posse and Kon, Fabio},
  booktitle={ICMC},
  year={2004}
}

@misc{lecun2021self,
  title={Self-supervised Learning: The Dark Matter of Intelligence},
  author={LeCun, Y and Misra, I},
  year={2021},
  howpublished={\url{https://ai.facebook.com/blog/self-supervised-learning-the-dark-matter-of-intelligence/}}
}

@inproceedings{lee2013pseudo,
  title={Pseudo-label: The simple and efficient semi-supervised learning method for deep neural networks},
  author={Lee, Dong-Hyun and others},
  booktitle={Workshop on challenges in representation learning, ICML},
  volume={3},
  number={2},
  pages={896},
  year={2013}
}

@inproceedings{levitin2000perception,
  title={The perception of cross-modal simultaneity (or “the Greenwich Observatory Problem” revisited)},
  author={Levitin, Daniel J and MacLean, Karon and Mathews, Max and Chu, Lonny and Jensen, Eric},
  booktitle={AIP Conference Proceedings},
  volume={517},
  number={1},
  pages={323--329},
  year={2000},
  organization={American Institute of Physics}
}

@article{oord2018representation,
  title={Representation learning with contrastive predictive coding},
  author={Oord, Aaron van den and Li, Yazhe and Vinyals, Oriol},
  journal={arXiv preprint arXiv:1807.03748},
  year={2018}
}

@inproceedings{panayotov2015librispeech,
  title={Librispeech: an asr corpus based on public domain audio books},
  author={Panayotov, Vassil and Chen, Guoguo and Povey, Daniel and Khudanpur, Sanjeev},
  booktitle={2015 IEEE international conference on acoustics, speech and signal processing (ICASSP)},
  pages={5206--5210},
  year={2015},
  organization={IEEE}
}

@article{radford2019language,
  title={Language models are unsupervised multitask learners},
  author={Radford, Alec and Wu, Jeffrey and Child, Rewon and Luan, David and Amodei, Dario and Sutskever, Ilya and others},
  journal={OpenAI blog},
  volume={1},
  number={8},
  pages={9},
  year={2019}
}

@inproceedings{saon2017english,
  title={English Conversational Telephone Speech Recognition by Humans and Machines},
  author={Saon, George and Kurata, Gakuto and Sercu, Tom and Audhkhasi, Kartik and Thomas, Samuel and Dimitriadis, Dimitrios and Cui, Xiaodong and Ramabhadran, Bhuvana and Picheny, Michael and Lim, Lynn-Li and others},
  journal={Proc. Interspeech 2020},
  year={2017}
}

@inproceedings{schneider2019wav2vec,
  title={wav2vec: Unsupervised Pre-Training for Speech Recognition.},
  author={Schneider, Steffen and Baevski, Alexei and Collobert, Ronan and Auli, Michael},
  booktitle={INTERSPEECH},
  year={2019}
}

@book{shapiro1992encyclopedia,
  title={Encyclopedia of artificial intelligence second edition},
  author={Shapiro, Stuart C},
  year={1992},
  publisher={John}
}

@inproceedings{sennrich2016improving,
  title={Improving Neural Machine Translation Models with Monolingual Data},
  author={Sennrich, Rico and Haddow, Barry and Birch, Alexandra},
  booktitle={54th Annual Meeting of the Association for Computational Linguistics},
  pages={86--96},
  year={2016},
  organization={Association for Computational Linguistics (ACL)}
}

@article{sim2019investigation,
  title={An investigation into on-device personalization of end-to-end automatic speech recognition models},
  author={Sim, Khe Chai and Zadrazil, Petr and Beaufays, Fran{\c{c}}oise},
  journal={arXiv preprint arXiv:1909.06678},
  year={2019}
}

@inproceedings{sim2019personalization,
  title={Personalization of end-to-end speech recognition on mobile devices for named entities},
  author={Sim, Khe Chai and Beaufays, Fran{\c{c}}oise and Benard, Arnaud and Guliani, Dhruv and Kabel, Andreas and Khare, Nikhil and Lucassen, Tamar and Zadrazil, Petr and Zhang, Harry and Johnson, Leif and others},
  booktitle={2019 IEEE Automatic Speech Recognition and Understanding Workshop (ASRU)},
  pages={23--30},
  year={2019},
  organization={IEEE}
}

@article{xiong2016achieving,
  title={Achieving human parity in conversational speech recognition},
  author={Xiong, Wayne and Droppo, Jasha and Huang, Xuedong and Seide, Frank and Seltzer, Mike and Stolcke, Andreas and Yu, Dong and Zweig, Geoffrey},
  journal={arXiv preprint arXiv:1610.05256},
  year={2016}
}

@article{yang2019xlnet,
  title={Xlnet: Generalized autoregressive pretraining for language understanding},
  author={Yang, Zhilin and Dai, Zihang and Yang, Yiming and Carbonell, Jaime and Salakhutdinov, Russ R and Le, Quoc V},
  journal={Advances in neural information processing systems},
  volume={32},
  year={2019}
}

@inproceedings{zhang2020pegasus,
  title={Pegasus: Pre-training with extracted gap-sentences for abstractive summarization},
  author={Zhang, Jingqing and Zhao, Yao and Saleh, Mohammad and Liu, Peter},
  booktitle={International Conference on Machine Learning},
  pages={11328--11339},
  year={2020},
  organization={PMLR}
}

@article{zhang2020pushing,
  title={Pushing the limits of semi-supervised learning for automatic speech recognition},
  author={Zhang, Yu and Qin, James and Park, Daniel S and Han, Wei and Chiu, Chung-Cheng and Pang, Ruoming and Le, Quoc V and Wu, Yonghui},
  journal={arXiv preprint arXiv:2010.10504},
  year={2020}
}
